@online{spectec,
  title = {{Wasm SpecTec Specification Tools}},
  author = {{Joachim Breitner and Philippa Gardner and Jaehyun Lee and Sam Lindley and Matija Pretnar and Xiaojia Rao and Andreas Rossberg and Sukyoung Ryu and Wonho Shin Conrad Watt and Dongjun Youn}},
  year = {2023},
  url = {https://github.com/Wasm-DSL/spectec}
}
@article{Watt2018MechanisingAV,
  title={Mechanising and verifying the WebAssembly specification},
  author={Conrad Watt},
  journal={Proceedings of the 7th ACM SIGPLAN International Conference on Certified Programs and Proofs},
  year={2018},
  url={https://dl.acm.org/doi/10.1145/3167082}
}
@inproceedings{Moura2015TheLT,
  title={The Lean Theorem Prover (System Description)},
  author={Leonardo Mendonça de Moura and Soonho Kong and Jeremy Avigad and Floris van Doorn and Jakob von Raumer},
  booktitle={CADE},
  year={2015},
  url={https://api.semanticscholar.org/CorpusID:232990}
}
@inproceedings{Watt2021Two,
  author = {Watt, Conrad and Rao, Xiaojia and Pichon-Pharabod, Jean and Bodin, Martin and Gardner, Philippa},
  title = {Two Mechanisations of WebAssembly 1.0},
  booktitle = {Proceedings of the 24\textsuperscript{th} international symposium of Formal Methods (FM21), Beijing, China; November 20-25, 2021},
  year = {2021},
  editor = {Huisman, Marieke and Pasareanu, Corina S. and Zhan, Naijun},
  series = {Lecture Notes in Computer Science},
  volume = {13047},
  pages = {61--79},
  publisher = {Springer},
  url = {https://doi.org/10.1007/978-3-030-90870-6\_4},
  doi = {10.1007/978-3-030-90870-6\_4},
}
@inproceedings{wasm-pldi17,
 author = {Haas, Andreas and Rossberg, Andreas and Schuff, Derek L. and Titzer, Ben L. and Holman, Michael and Gohman, Dan and Wagner, Luke and Zakai, Alon and Bastien, JF},
 title = {Bringing the Web up to Speed with WebAssembly},
 year = {2017},
 isbn = {9781450349888},
 publisher = {Association for Computing Machinery},
 address = {New York, NY, USA},
 url = {https://doi.org/10.1145/3062341.3062363},
 doi = {10.1145/3062341.3062363},
 booktitle = {Proceedings of the 38th ACM SIGPLAN Conference on Programming Language Design and Implementation},
 pages = {185–200}
}

@online{lucet,
  title = {Lucet Takes WebAssembly Beyond the Browser},
  author = {Pat Hickey},
  year = {2019},
  url = {https://www.fastly.com/blog/announcing-lucet-fastly-native-webassembly-compiler-runtime}
}

@online{sphinx,
  title = {Sphinx},
  author = {Sphinx Project},
  year = {2008},
  url = {https://www.sphinx-doc.org/}
}

@online{mathjax,
  title = {MathJax},
  author = {The MathJax Consortium},
  year = {2009},
  url = {https://www.mathjax.org/}
}

@online{cloudflare,
  title = {Introducing Cloudflare Workers: Run JavaScript Service Workers at the Edge},
  author = {Kenton Varda},
  year = {2017},
  url = {https://blog.cloudflare.com/introducing-cloudflare-workers/}
}

@inproceedings{wasm-iot,
 author = {Hall, Adam and Ramachandran, Umakishore},
 title = {An Execution Model for Serverless Functions at the Edge},
 year = {2019},
 isbn = {9781450362832},
 publisher = {Association for Computing Machinery},
 address = {New York, NY, USA},
 url = {https://doi.org/10.1145/3302505.3310084},
 doi = {10.1145/3302505.3310084},
 booktitle = {Proceedings of the International Conference on Internet of Things Design and Implementation},
 pages = {225–236}
}

@inproceedings{wasm-embedded,
  author={Wallentowitz, Stefan and Kersting, Bastian and Dumitriu, Dan Mihai},
  booktitle={2022 11th Mediterranean Conference on Embedded Computing (MECO)}, 
  title={Potential of WebAssembly for Embedded Systems}, 
  year={2022},
  pages={1-4},
  doi={10.1109/MECO55406.2022.9797106}
}

@online{wasm-blockchain,
  title = {WebAssembly (WASM) in Blockchain},
  author = {Ata Tekeli},
  year = {2022},
  url = {https://blog.devgenius.io/webassembly-wasm-in-blockchain-f651a8ac767b}
}

@online{wasm-process,
  title = {WebAssembly W3C Process},
  author = {WebAssembly Community Group},
  year = {2017},
  url = {https://github.com/WebAssembly/meetings/blob/main/process/phases.md}
}

@online{wasm-simd,
  title = {SIMD},
  author = {WebAssembly Community Group},
  year = {2021},
  url = {https://github.com/WebAssembly/simd}
}

@online{wasm-exc,
  title = {Exception Handling},
  author = {WebAssembly Community Group},
  year = {2023},
  url = {https://github.com/WebAssembly/exception-handling}
}

@online{wasm-threads,
  title = {Threads},
  author = {WebAssembly Community Group},
  year = {2023},
  url = {https://github.com/WebAssembly/threads}
}

@online{wasm-gc,
  title = {GC types},
  author = {WebAssembly Community Group},
  year = {2023},
  url = {https://github.com/WebAssembly/gc}
}

@online{k,
  title = {K Semantic Framework},
  author = {Runtime Verification},
  year = {2013},
  url = {https://kframework.org/}
}

@book{pltredex,
  title = {Semantics Engineering with PLT Redex},
  author = {Matthias Felleisen and Robert Bruce Findler and Matthew Flatt},
  year = {2009},
  publisher = "The MIT Press"
}

@misc{ott,
  author = {Peter Sewell and Zappa Nardelli, Francesco},
  title = {Ott release, version 0.10.9},
  month = aug,
  year = {2007},
  url = {http://www.cl.cam.ac.uk/~pes20/ott/}
}

@online{skeleton,
  title = {Skeletal Semantics},
  author = {Alan Schmitt},
  year = {2019},
  url = {https://skeletons.inria.fr/}
}

@online{spoofax,
  title = {Spoofax: The Language Designer's Workbench},
  author = {Spoofax Team},
  year = {2010},
  url = {https://spoofax.dev}
}

@online{wasm-mvp,
  title = {WebAssembly is now ready for browsers to use},
  author = {Paul Krill},
  year = {2017},
  url = {https://www.infoworld.com/article/3176681/webassembly-is-now-ready-for-browsers-to-use.html}
}

@online{wasm-w3c,
  title = {WebAssembly Community Group},
  author = {W3C Team},
  year = {2015},
  url = {https://www.w3.org/community/webassembly/}
}

@online{js-standard,
  title = {ES5, ES6, ES2016, ES.Next: What's going on with JavaScript versioning?},
  author = {Ben McCormick},
  year = {2015},
  url = {https://benmccormick.org/2015/09/13/221134.html}
}

@online{ecmascript,
  title = {{ECMA-262, 14th edition, ECMAScript \textregistered 2023
           Language Specification}},
  author = {{ECMA International}},
  year = {2023},
  url = {https://262.ecma-international.org},
}

@online{wasm-spec,
  author = "Andreas Rossberg (editor)",
  title = {WebAssembly Specification (Release 2.0)},
  year = {2022},
  url = {https://webassembly.github.io/spec/core/}
}

@inproceedings{animate,
 author = {Berghofer, Stefan and Bulwahn, Lukas and Haftmann, Florian},
 title = {Turning Inductive into Equational Specifications},
 year = {2009},
 isbn = {9783642033582},
 publisher = {Springer-Verlag},
 address = {Berlin, Heidelberg},
 url = {https://doi.org/10.1007/978-3-642-03359-9_11},
 doi = {10.1007/978-3-642-03359-9_11},
 booktitle = {Proceedings of the 22nd International Conference on Theorem Proving in Higher Order Logics},
 pages = {131–146},
 series = {TPHOLs '09}
}

@online{esmeta,
  title = {{ESMeta: An ECMAScript specification metalanguage used for
           automatically generating language-based tools}},
  year = {2022},
  url = {https://github.com/es-meta/esmeta}
}

@inproceedings{jiset,
  title = {{JISET: JavaScript IR-based Semantics Extraction Toolchain}},
  author = {Park, Jihyeok and Park, Jihee and An, Seungmin and Ryu, Sukyoung},
  booktitle = {Proceedings of the 35th IEEE/ACM International Conference on
               Automated Software Engineering (ASE)},
  pages = {647--658},
  year = {2020},
  organization = {IEEE},
  doi = {10.1145/3324884.3416632},
}
