%%%%%%%%%%%%%%%%%%%%%%%%%%%%%%%%%%%%%%%%%%%%%%%%%%%%%%%%%%%%%%%%%%%%%%%%%%%%%%%%
% Wasm
%%%%%%%%%%%%%%%%%%%%%%%%%%%%%%%%%%%%%%%%%%%%%%%%%%%%%%%%%%%%%%%%%%%%%%%%%%%%%%%%

@online{wasmspec,
  title = {{WebAssembly Specification}},
  author = {{Andreas Rossberg}},
  year = {2023},
  url = {https://webassembly.github.io/spec/core/index.html},
}
